%% This BibTeX bibliography file was created using BibDesk.
%% https://bibdesk.sourceforge.io/

%% Created for David Foxcroft at 2024-12-15 19:02:20 +0000 


%% Saved with string encoding Unicode (UTF-8) 



@article{Tversky1974,
	author = {Tversky, A. and Kahneman, D.},
	date-added = {2019-11-25 10:57:52 +0000},
	date-modified = {2024-12-15 15:47:26 +0000},
	doi = {10.1126/science.185.4157.1124},
	journal = {Science},
	number = {4157},
	pages = {1124-1131},
	title = {Judgment under Uncertainty: Heuristics and Biases},
	volume = {185},
	year = {1974},
	bdsk-url-1 = {https://doi.org/10.1126/science.185.4157.1124}}

@article{hrobjartsson2010,
	author = {Hr{\'o}bjartsson, A and G{\o}tzsche, PC},
	date-modified = {2024-12-15 15:43:17 +0000},
	doi = {10.1002/14651858.cd003974.pub3},
	journal = {Cochrane Database of Systematic Reviews},
	number = {1},
	title = {Placebo interventions for all clinical conditions},
	year = {2010},
	bdsk-url-1 = {https://doi.org//10.1002/14651858.CD003974.pub3}}

@article{Gelman2013,
	author = {Gelman, Andrew and Loken, Eric},
	date-added = {2018-08-16 07:01:49 +0100},
	date-modified = {2018-08-16 07:02:32 +0100},
	publisher = {Citeseer},
	title = {The garden of forking paths: Why multiple comparisons can be a problem, even when there is no ``fishing expedition'' or ``p-hacking'' and the research hypothesis was posited ahead of time},
	url = {https://api.semanticscholar.org/CorpusID:198164638},
	year = {2013},
	bdsk-url-1 = {https://api.semanticscholar.org/CorpusID:198164638}}

@manual{Morey2015,
	author = {Richard D. Morey and Jeffrey N. Rouder},
	note = {R package version 0.9.10-1},
	title = {BayesFactor: Computation of Bayes Factors for Common Designs},
	url = {http://CRAN.R-project.org/package=BayesFactor},
	year = {2015},
	bdsk-url-1 = {http://CRAN.R-project.org/package=BayesFactor}}

@article{Gelman2014,
	author = {Gelman, Andrew and Loken, Eric},
	doi = {10.1511/2014.111.460},
	issn = {0003-0996},
	journal = {American Scientist},
	number = {6},
	pages = {460+},
	title = {The statistical crisis in science},
	url = {http://mfkp.org/INRMM/article/13469628},
	volume = {102},
	year = {2014},
	bdsk-url-1 = {http://mfkp.org/INRMM/article/13469628},
	bdsk-url-2 = {https://doi.org/10.1511/2014.111.460}}

@book{Everitt1996,
	author = {Everitt, Brian S.},
	publisher = {Oxford University Press},
	title = {Making Sense of Statistics in Psychology. A Second-Level Course},
	year = 1996}

@article{Rouder2009,
	author = {Rouder, J. N. and Speckman, P. L. and Sun, D. and Morey, R. D. and Iverson, G.},
	date-modified = {2024-12-15 15:46:19 +0000},
	doi = {10.3758/PBR.16.2.225},
	journal = {Psychonomic Bulletin \& Review},
	pages = {225-237},
	title = {Bayesian t-tests for accepting and rejecting the null hypothesis},
	volume = 16,
	year = {2009}}

@article{Peterson1984,
	author = {Peterson, C. and Seligman, M.},
	date-modified = {2024-12-15 15:45:54 +0000},
	doi = {10.1037/0033-295X.91.3.347},
	journal = {Psychological Review},
	pages = {347-74},
	title = {Causal Explanations as a Risk Factor for Depression: Theory and Evidence},
	volume = 91,
	year = {1984}}

@article{Hewitt2004,
	author = {Hewitt, A. K. and Foxcroft, D. R. and MacDonald, J.},
	date-modified = {2024-12-15 15:42:44 +0000},
	doi = {10.1016/j.paid.2004.02.005},
	journal = {Personality and Individual Differences},
	pages = {1483-1491},
	title = {Multitrait-multimethod confirmatory factor analysis of the Attributional Style Questionnaire},
	volume = {37(7)},
	year = {2004}}

@article{Fabrigar1999,
	author = {Fabrigar, L. R. and Wegener, D. T. and MacCallum, R. C. and Strahan, E. J.},
	date-modified = {2024-12-15 15:41:09 +0000},
	doi = {10.1037/1082-989X.4.3.272},
	journal = {Psychological Methods},
	pages = {272-299},
	title = {Evaluating the use of exploratory factor analysis in psychological research},
	volume = 4,
	year = {1999}}

@article{Cronbach1951,
	author = {Chronbach, L. J.},
	date-modified = {2024-12-15 15:39:37 +0000},
	doi = {10.1007/BF02310555},
	journal = {Psychometrika},
	pages = {297-334},
	title = {Coefficient alpha and the internal structure of tests},
	volume = {16(3)},
	year = {1951}}

@article{Geschwind1972,
	author = {Geschwind, N.},
	date-modified = {2024-12-15 15:42:05 +0000},
	doi = {10.1038/scientificamerican0472-76},
	journal = {Scientific American},
	pages = {76-83},
	title = {Language and the brain},
	volume = {226(4)},
	year = {1972}}

@article{Box1953,
	author = {Box, G. E. P.},
	date-modified = {2024-12-15 15:37:49 +0000},
	doi = {10.2307/2333350},
	journal = {Biometrika},
	pages = {318-335},
	title = {Non-normality and tests on variances},
	volume = 40,
	year = {1953}}

@article{Gunel1974,
	author = {Erdogan Gunel and James Dickey},
	date-modified = {2024-12-15 15:42:13 +0000},
	doi = {10.1093/BIOMET%2F61.3.545},
	journal = {Biometrika},
	pages = {545-557},
	title = {Bayes Factors for Independence in Contingency Tables},
	year = 1974}

@article{Kuhberger2014,
	author = {K{\"u}hberger, A and Fritz, A and Scherndl, T.},
	date-modified = {2024-12-15 15:44:39 +0000},
	doi = {10.1371/journal.pone.0105825},
	journal = {Public Library of Science One},
	pages = {1-8},
	title = {Publication bias in psychology: A diagnosis based on the correlation between effect size and sample size},
	volume = 9,
	year = 2014}

@article{Johnson2013,
	author = {Johnson, Valen E},
	date-modified = {2024-12-15 15:43:55 +0000},
	doi = {10.1073/pnas.1313476110},
	journal = {Proceedings of the National Academy of Sciences},
	number = {48},
	pages = {19313--19317},
	title = {Revised standards for statistical evidence},
	year = {2013}}

@book{Jeffreys1961,
	author = {Harold Jeffreys},
	date-modified = {2024-12-15 15:43:48 +0000},
	doi = {10.1093/oso/9780198503682.001.0001},
	edition = {3rd},
	publisher = {Oxford},
	title = {The Theory of Probability},
	year = 1961}

@book{Pfungst1911,
	author = {Pfungst, O.},
	location = {New York},
	publisher = {Henry Holt},
	title = {Clever Hans (The horse of Mr. von Osten): A contribution to experimental animal and human psychology},
	translator = {C. L. Rahn},
	year = 1911}

@book{Rosenthal1966,
	author = {Rosenthal, R},
	location = {New York},
	publisher = {Appleton},
	title = {Experimenter effects in behavioral research},
	year = 1966}

@book{Hothersall2004,
	author = {Hothersall, D.},
	publisher = {McGraw-Hill},
	title = {History of Psychology},
	year = 2004}

@article{Adair1984,
	author = {Adair, G.},
	date-modified = {2024-12-15 15:36:51 +0000},
	doi = {10.1037/0021-9010.69.2.334},
	journal = {Journal of Applied Psychology},
	pages = {334-345},
	title = {The Hawthorne effect: A reconsideration of the methodological artifact},
	volume = 69,
	year = 1984}

@article{Kahneman1973,
	author = {Kahneman, D. and Tversky, A.},
	date-modified = {2024-12-15 15:07:59 +0000},
	doi = {10.1037/h0034747},
	journal = {Psychological Review},
	pages = {237-251},
	title = {On the psychology of prediction},
	volume = 80,
	year = 1973}

@article{Kass1995,
	author = {Robert E. Kass and Adrian E. Raftery},
	date-modified = {2024-12-15 15:44:13 +0000},
	doi = {10.1080/01621459.1995.10476572},
	journal = {Journal of the American Statistical Association},
	pages = {773-795},
	title = {Bayes factors},
	volume = 90,
	year = 1995}

@book{Lehmann2011,
	author = {Erich L. Lehmann},
	publisher = {Springer},
	title = {Fisher, {N}eyman, and the Creation of Classical Statistics},
	year = 2011}

@article{Box1976,
	author = {George E. P. Box},
	date-modified = {2024-12-15 15:37:56 +0000},
	doi = {10.1080/01621459.1976.10480949},
	journal = {Journal of the American Statistical Association},
	pages = {791-799},
	title = {Science and Statistics},
	volume = 71,
	year = 1976}

@book{Keynes1923,
	address = {London},
	author = {John Maynard Keynes},
	date-modified = {2024-12-15 15:08:57 +0000},
	publisher = {Macmillan \& Company},
	title = {A Tract on Monetary Reform},
	year = 1923}

@book{Jaynes2003,
	author = {E. T. Jaynes},
	date-modified = {2024-12-15 15:43:41 +0000},
	doi = {10.1017/CBO9780511790423},
	publisher = {Cambridge University Press},
	title = {Probability Theory: The Logic of Science},
	year = 2003}

@book{Hastie2009,
	author = {Trevor Hastie and Robert Tibshirani and Jerome Friedman},
	publisher = {Springer},
	title = {The Elements of Statistical Learning: Data Mining, Inference and Prediction (2nd Ed)},
	year = {2009}}

@book{Evans2011,
	address = {New York, NY},
	author = {M. Evans and N. Hastings and B. Peacock},
	date-modified = {2024-12-15 15:40:56 +0000},
	doi = {10.1002/9780470627242},
	publisher = {Wiley},
	title = {Statistical Distributions (3rd ed)},
	year = 2011}

@book{Wilkinson2006,
	author = {Wilkinson, Leland and Wills, D and Rope, D and Norton, A and Dubbs, R},
	publisher = {Springer},
	title = {The grammar of graphics},
	year = {2006}}

@book{Matloff2011,
	author = {Matloff, Norman and Matloff, Norman S},
	publisher = {No Starch Press},
	title = {The art of {R} programming: A tour of statistical software design},
	year = {2011}}

@book{Braun2007,
	author = {Braun, John and Murdoch, Duncan J},
	date-modified = {2024-12-15 15:38:16 +0000},
	doi = {10.1017/9781108993456},
	publisher = {Cambridge University Press Cambridge},
	rating = {2},
	title = {A first course in statistical programming with {R}},
	year = {2007}}

@article{Ellman2002,
	author = {Ellman, Michael},
	date-modified = {2024-12-15 15:40:38 +0000},
	doi = {10.1080/0966813022000017177},
	journal = {Europe-Asia Studies},
	number = {7},
	pages = {1151--1172},
	publisher = {Taylor \& Francis},
	title = {Soviet repression statistics: some comments},
	volume = {54},
	year = {2002}}

@article{Ioannidis2005,
	author = {Ioannidis, John P. A.},
	date-modified = {2024-12-15 15:43:32 +0000},
	doi = {10.1371/journal.pmed.1004085},
	journal = {PLoS Med},
	number = {8},
	pages = {697-701},
	publisher = {Public Library of Science},
	title = {Why Most Published Research Findings Are False},
	volume = {2},
	year = {2005}}

@book{Hsu1996,
	address = {London, UK},
	author = {Hsu, J. C.},
	date-modified = {2024-12-15 15:51:18 +0000},
	doi = {10.1201/b15074},
	publisher = {Chapman \& Hall},
	title = {Multiple Comparisons: Theory and Methods},
	year = 1996}

@book{Sahai2000,
	address = {Boston},
	author = {Sahai, H. and Ageel, M. I.},
	publisher = {Birkhauser},
	title = {The Analysis of Variance: Fixed, Random and Mixed Models},
	year = 2000}

@book{Searle1987,
	address = {New York, NY},
	author = {Searle, S. R.},
	publisher = {Wiley},
	title = {Linear Models for Unbalanced Data},
	year = 1987}

@book{Hocking1996,
	address = {New York, NY},
	author = {Hocking, R. R.},
	date-modified = {2024-12-15 15:42:53 +0000},
	doi = {10.1002/0471434159},
	publisher = {Wiley},
	title = {Methods and Applications of Linear Models: Regression and the Analysis of Variance},
	year = 1996}

@book{Kruschke2011,
	address = {Burlington, MA},
	author = {Kruschke, J. K.},
	publisher = {Academic Press},
	title = {Doing {B}ayesian Data Analysis: A Tutorial with {R} and {BUGS}},
	year = 2011}

@book{Lee2014,
	author = {Lee, Michael D and Wagenmakers, Eric-Jan},
	date-modified = {2024-12-15 15:44:55 +0000},
	doi = {10.1017/CBO9781139087759},
	publisher = {Cambridge University Press},
	title = {Bayesian cognitive modeling: A practical course},
	year = {2014}}

@article{Wickham2007,
	author = {Wickham, H.},
	date-modified = {2024-12-15 15:47:56 +0000},
	doi = {10.18637/jss.v021.i12},
	journal = {Journal of Statistical Software},
	title = {Reshaping data with the reshape package},
	volume = 21,
	year = 2007}

@manual{Friendly2011,
	author = {Michael Friendly},
	note = {R package version 0.6-12},
	title = {HistData: Data sets from the history of statistics and data visualization},
	url = {http://CRAN.R-project.org/package=HistData},
	year = {2011},
	bdsk-url-1 = {http://CRAN.R-project.org/package=HistData}}

@book{Stigler1986,
	address = {Cambridge, MA},
	author = {Stigler, S. M.},
	publisher = {Harvard University Press},
	title = {The History of Statistics},
	year = 1986}

@article{Stevens1946,
	author = {Stevens, S. S.},
	date-modified = {2024-12-15 15:46:59 +0000},
	doi = {10.1126/science.103.2684.677},
	journal = {Science},
	pages = {677--680},
	title = {On the theory of scales of measurement},
	volume = 103,
	year = 1946}

@book{Campbell1963,
	address = {Boston, MA},
	author = {Campbell, D. T. and Stanley, J. C.},
	publisher = {Houghton Mifflin},
	title = {Experimental and Quasi-Experimental Designs for Research},
	year = 1963}

@book{Spector2008,
	address = {New York, NY},
	author = {Spector, P.},
	publisher = {Springer},
	title = {Data Manipulation with {R}},
	year = 2008}

@book{Teetor2011,
	address = {Sebastopol, CA},
	author = {Teetor, P.},
	publisher = {O'Reilly},
	title = {R Cookbook},
	year = 2011}

@article{Evans1983,
	author = {Evans, J. St. B. T. and Barston, J. L. and Pollard, P.},
	date-modified = {2024-12-15 15:40:48 +0000},
	doi = {10.3758/BF03196976},
	journal = {Memory and Cognition},
	pages = {295--306},
	title = {On the conflict between logic and belief in syllogistic reasoning},
	volume = 11,
	year = 1983}

@article{Bickel1975,
	author = {Bickel, P. J. and Hammel, E. A. and O'Connell, J. W.},
	date-modified = {2024-12-15 19:02:17 +0000},
	doi = {10.1126/science.187.4175.398},
	journal = {Science},
	pages = {398--404},
	title = {Sex bias in graduate admissions: Data from {B}erkeley},
	volume = 187,
	year = 1975}

@article{Anscombe1973,
	author = {Anscombe, F. J.},
	date-modified = {2024-12-15 15:37:29 +0000},
	doi = {10.1080/00031305.1973.10478966},
	journal = {American Statistician},
	pages = {17--21},
	title = {Graphs in statistical analysis},
	volume = 27,
	year = 1973}

@manual{R2011,
	address = {Vienna, Austria},
	author = {{R Development Core Team}},
	note = {{ISBN} 3-900051-07-0},
	organization = {R Foundation for Statistical Computing},
	title = {R: A Language and Environment for Statistical Computing},
	url = {http://www.R-project.org/},
	year = {2011},
	bdsk-url-1 = {http://www.R-project.org/}}

@manual{R2013,
	address = {Vienna, Austria},
	author = {{R Core Team}},
	organization = {R Foundation for Statistical Computing},
	title = {R: A Language and Environment for Statistical Computing},
	year = {2013}}

@article{Akaike1974,
	author = {Akaike, H.},
	date-modified = {2024-12-15 15:37:18 +0000},
	doi = {10.1109/TAC.1974.1100705},
	journal = {IEEE Transactions on Automatic Control},
	pages = {716--723},
	title = {A new look at the statistical model identification},
	volume = 19,
	year = 1974}

@book{Fox2011,
	address = {Los Angeles},
	author = {Fox, J. and Weisberg, S.},
	edition = {2nd},
	publisher = {Sage},
	title = {An {R} Companion to Applied Regression},
	year = 2011}

@article{Cook1983,
	author = {Cook, R. D. and Weisberg, S.},
	date-modified = {2024-12-15 15:39:08 +0000},
	doi = {10.2307/2335938},
	journal = {Biometrika},
	pages = {1-10},
	title = {Diagnostics for heteroscedasticity in regression},
	volume = 70,
	year = 1983}

@article{Long2000,
	author = {Long, J.S. and Ervin, L.H.},
	date-modified = {2024-12-15 15:45:12 +0000},
	doi = {10.1080/00031305.2000.10474549},
	journal = {The American Statistician},
	pages = {217-224},
	title = {Using heteroscedasticity consistent standard errors in thee linear regression model},
	volume = 54,
	year = 2000}

@article{White1980,
	author = {White, H.},
	date-modified = {2024-12-15 15:47:49 +0000},
	doi = {10.1016/0304-4076(83)90104-5},
	journal = {Econometrika},
	pages = {817-838},
	title = {A heteroskedasticity-consistent covariance matrix estimator and a direct test for heteroskedasticity},
	volume = 48,
	year = 1980}

@article{Cohen1992,
	author = {Cohen, J},
	date-modified = {2024-12-15 15:39:01 +0000},
	doi = {10.1037//0033-2909.112.1.155},
	journal = {Psychological Bulletin},
	pages = {155--159},
	title = {A power primer},
	volume = 112,
	year = 1992}

@book{Hedges1985,
	address = {New York},
	author = {Hedges, L. V. and Olkin, I.},
	date-modified = {2024-12-15 15:42:38 +0000},
	doi = {10.1016/C2009-0-03396-0},
	publisher = {Academic Press},
	title = {Statistical Methods for Meta-Analysis},
	year = 1985}

@article{Hedges1981,
	author = {Hedges, L. V.},
	date-modified = {2024-12-15 15:42:31 +0000},
	doi = {10.2307/1164588},
	journal = {Journal of Educational Statistics},
	pages = {107--128},
	title = {Distribution theory for Glass's estimator of effect size and related estimators},
	volume = 6,
	year = 1981}

@article{McGrath2006,
	author = {McGrath, R. E. and Meyer, G. J.},
	date-modified = {2024-12-15 15:45:22 +0000},
	doi = {10.1037/1082-989x.11.4.386},
	journal = {Psychological Methods},
	pages = {386--401},
	title = {When effect sizes disagree: The case of $r$ and $d$},
	volume = 11,
	year = 2006}

@book{Cohen1988,
	author = {Cohen, J.},
	date-modified = {2024-12-15 15:38:50 +0000},
	doi = {10.4324/9780203771587},
	edition = {2nd},
	publisher = {Lawrence Erlbaum},
	title = {Statistical Power Analysis for the Behavioral Sciences},
	year = 1988}

@article{Student1908,
	author = {Student, A.},
	date-modified = {2024-12-15 15:47:09 +0000},
	doi = {10.1093/biomet/6.1.1},
	journal = {Biometrika},
	pages = {1--2},
	title = {The probable error of a mean},
	volume = 6,
	year = 1908}

@article{Box1987,
	author = {Box, J. F.},
	date-modified = {2024-12-15 15:38:05 +0000},
	doi = {10.1214/ss/1177013437},
	journal = {Statistical Science},
	pages = {45--52},
	title = {Guinness, Gosset, Fisher, and Small Samples},
	volume = {2},
	year = {1987}}

@article{Gelman2006,
	author = {Gelman, A. and Stern, H.},
	date-modified = {2024-12-15 15:41:47 +0000},
	doi = {10.1198/000313006X152649},
	journal = {The American Statistician},
	pages = {328-331},
	title = {The difference between ``significant'' and ``not significant'' is not itself statistically significant},
	volume = 60,
	year = 2006}

@book{Hogg2005,
	address = {Upper Saddle River, NJ},
	author = {Hogg, R. V. and McKean, J. V. and Craig, A. T.},
	edition = {6th},
	publisher = {Pearson},
	title = {Introduction to Mathematical Statistics},
	year = 2005}

@article{McNemar1947,
	author = {McNemar, Q.},
	date-modified = {2024-12-15 15:45:27 +0000},
	doi = {10.1007/bf02295996},
	journal = {Psychometrika},
	pages = {153--157},
	title = {Note on the sampling error of the difference between correlated proportions or percentages},
	volume = 12,
	year = 1947}

@article{Shapiro1965,
	author = {Shapiro, S. S. and Wilk, M. B.},
	date-modified = {2024-12-15 15:46:43 +0000},
	doi = {10.1093/biomet/52.3-4.591},
	journal = {Biometrika},
	pages = {591--611},
	title = {An analysis of variance test for normality (complete samples)},
	volume = 52,
	year = 1965}

@article{Pearson1900,
	author = {Pearson, K.},
	date-modified = {2024-12-15 15:45:46 +0000},
	doi = {10.1080/14786440009463897},
	journal = {Philosophical Magazine},
	pages = {157--175},
	title = {On the criterion that a given system of deviations from the probable in the case of a correlated system of variables is such that it can be reasonably supposed to have arisen from random sampling},
	volume = {50},
	year = 1900}

@article{Larntz1978,
	author = {Larntz, K.},
	date-modified = {2024-12-15 15:44:46 +0000},
	doi = {10.1080/01621459.1978.10481567},
	journal = {Journal of the American Statistical Association},
	pages = {253--263},
	title = {Small-sample comparisons of exact levels for chi-squared goodness-of-fit statistics},
	volume = 73,
	year = 1978}

@article{Meehl1967,
	author = {Meehl, P. H.},
	date-modified = {2024-12-15 15:45:35 +0000},
	doi = {10.1086/288135},
	journal = {Philosophy of Science},
	pages = {103--115},
	title = {Theory testing in psychology and physics: A methodological paradox},
	volume = 34,
	year = 1967}

@article{Fisher1922a,
	author = {Fisher, R. A.},
	date-modified = {2024-12-15 15:41:17 +0000},
	doi = {10.1111/j.2397-2335.1922.tb00768.x},
	journal = {Journal of the Royal Statistical Society},
	pages = {87--94},
	title = {On the interpretation of $\chi^2$ from contingency tables, and the calculation of $p$},
	volume = 84,
	year = 1922}

@article{Fisher1922b,
	author = {Fisher, R. A.},
	date-modified = {2024-12-15 15:41:24 +0000},
	doi = {10.1098/rsta.1922.0009},
	journal = {Philosophical Transactions of the Royal Society A},
	pages = {309--368},
	title = {On the mathematical foundation of theoretical statistics},
	volume = 222,
	year = 1922}

@article{Yates1934,
	author = {Yates, F.},
	date-modified = {2024-12-15 15:48:05 +0000},
	doi = {10.2307/2983604},
	journal = {Supplement to the Journal of the Royal Statistical Society},
	pages = {217--235},
	title = {Contingency tables involving small numbers and the $\chi^2$ test},
	volume = 1,
	year = 1934}

@article{Cochran1954,
	author = {Cochran, W. G.},
	date-modified = {2024-12-15 15:38:39 +0000},
	doi = {10.1214/aoms/1177729380},
	journal = {The Annals of Mathematical Statistics},
	pages = {315--345},
	title = {The $\chi^2$ test of goodness of fit},
	volume = 23,
	year = 1954}

@book{Agresti1996,
	address = {Hoboken, New Jersey},
	author = {Agresti, A.},
	date-modified = {2024-12-15 15:37:01 +0000},
	doi = {10.1002/0470114754},
	publisher = {Wiley},
	title = {An Introduction to Categorical Data Analysis},
	year = 1996}

@book{Agresti2002,
	address = {Hoboken, New Jersey},
	author = {Agresti, A.},
	date-modified = {2024-12-15 15:37:10 +0000},
	doi = {10.1002/0471249688},
	edition = {2nd},
	publisher = {Wiley},
	title = {Categorical Data Analysis},
	year = 2002}

@book{Sokal1994,
	address = {New York},
	author = {Sokal, R. R. and Rohlf, F. J.},
	edition = {3rd},
	publisher = {Freeman},
	title = {Biometry: the principles and practice of statistics in biological research},
	year = 1994}

@book{Ellis2010,
	address = {Cambridge, UK},
	author = {Ellis, P. D.},
	date-modified = {2024-12-15 15:40:27 +0000},
	doi = {10.1017/CBO9780511761676},
	publisher = {Cambridge University Press},
	title = {The Essential Guide to Effect Sizes: Statistical Power, Meta-Analysis, and the Interpretation of Research Results},
	year = 2010}

@book{Cramer1946,
	address = {Princeton},
	author = {Cramer, H.},
	date-modified = {2024-12-15 15:39:15 +0000},
	doi = {10.1515/9781400883868},
	publisher = {Princeton University Press},
	title = {Mathematical Methods of Statistics},
	year = 1946}

@book{Theil1972,
	address = {Amsterdam},
	author = {Theil, H.},
	publisher = {North Holland},
	title = {Statistical Decomposition Analysis},
	year = 1972}

@book{Fisher1925,
	address = {Edinburgh, UK},
	author = {Fisher, R. A.},
	publisher = {Oliver \& Boyd},
	title = {Statistical Methods for Research Workers},
	year = 1925}

@book{Hays1994,
	address = {Fort Worth, TX},
	author = {Hays, W. L.},
	edition = {5th},
	publisher = {Harcourt Brace},
	title = {Statistics},
	year = 1994}

@article{Holm1979,
	author = {Holm, S.},
	date-modified = {2024-12-15 15:43:05 +0000},
	doi = {10.2307/4615733},
	journal = {Scandinavian Journal of Statistics},
	pages = {65--70},
	title = {A simple sequentially rejective multiple test procedure},
	volume = 6,
	year = 1979}

@article{Dunn1961,
	author = {Dunn, O.J.},
	date-modified = {2024-12-15 15:39:47 +0000},
	doi = {10.1080/01621459.1961.10482090},
	journal = {Journal of the American Statistical Association},
	pages = {52--64},
	title = {Multiple comparisons among means},
	volume = 56,
	year = 1961}

@article{Shaffer1995,
	author = {Shaffer, J. P.},
	date-modified = {2024-12-15 15:46:36 +0000},
	doi = {10.1146/annurev.ps.46.020195.003021},
	journal = {Annual Review of Psychology},
	pages = {561--584},
	title = {Multiple hypothesis testing},
	volume = 46,
	year = 1995}

@incollection{Levene1960,
	address = {Palo Alto, CA},
	author = {Levene, H},
	booktitle = {Contributions to Probability and Statistics: Essays in Honor of Harold Hotelling},
	date-modified = {2024-12-15 18:52:12 +0000},
	editor = {{Olkin, I. and others}},
	pages = {278--292},
	publisher = {Stanford University Press},
	title = {Robust tests for equality of variances},
	year = 1960}

@article{BrownForsythe1974,
	author = {Brown, M. B. and Forsythe, A. B.},
	date-modified = {2024-12-15 15:38:26 +0000},
	doi = {10.2307/2285659},
	journal = {Journal of the American Statistical Association},
	pages = {364--367},
	title = {Robust tests for equality of variances},
	volume = 69,
	year = 1974}

@article{KruskalWallis1952,
	author = {Kruskal, W. H. and Wallis, W. A.},
	date-modified = {2024-12-15 15:44:33 +0000},
	doi = {10.1080/01621459.1952.10483441},
	journal = {Journal of the American Statistical Association},
	pages = {583--621},
	title = {Use of ranks in one-criterion variance analysis},
	volume = 47,
	year = 1952}

@article{Welch1951,
	author = {Welch, B. L.},
	date-modified = {2024-12-15 15:47:41 +0000},
	doi = {10.1093/biomet/38.3-4.330},
	journal = {Biometrika},
	pages = {330--336},
	title = {On the comparison of several mean values: An alternative approach},
	volume = 38,
	year = 1951}

@article{Welch1947,
	author = {Welch, B. L.},
	date-modified = {2024-12-15 15:47:35 +0000},
	doi = {10.1093/biomet/34.1-2.28},
	journal = {Biometrika},
	pages = {28--35},
	title = {The generalization of ``{S}tudent's'' problem when several different population variances are involved},
	volume = 34,
	year = 1947}
